@article{turing1936,
  author    = {Alan Turing},
  title     = {On Computable Numbers, with an Application to the Entscheidungsproblem},
  journal   = {Proceedings of the London Mathematical Society},
  volume    = {2},
  number    = {42},
  pages     = {230--265},
  year      = {1936},
  keywords  = {Turing machine, computation theory, computability, algorithms},
  url       = {https://www.cs.virginia.edu/~robins/Turing_Paper_1936.pdf},
  urldate   = {2022-12-01},
  month     = dec
}

@article{church1937,
  author    = {Alonzo Church},
  title     = {Review of Turingâ€™s Paper},
  journal   = {Journal of Symbolic Logic},
  volume    = {2},
  year      = {1937},
  pages     = {41--45},
  keywords  = {Turing machine, computability, computational theory},
  url       = {https://www.jstor.org/stable/1990093},
  urldate   = {2022-12-01},
  month     = dec
}

@book{shannon1956,
  author    = {Claude Shannon and John McCarthy},
  title     = {Automata Studies},
  year      = {1956},
  publisher = {Princeton University Press},
  keywords  = {automata, finite-state machines, hardware, computational theory},
  url       = {https://www.amazon.com/Automata-Studies-Addison-Wesley-Monographs-Mathematics/dp/B0007E5YCG},
  urldate   = {2022-12-01},
  month     = dec
}

@misc{rodger1990s,
  author    = {Sharon H. Rodger},
  title     = {JFLAP: Java Formal Languages and Automata Package},
  year      = {1990s},
  keywords  = {JFLAP, Turing machine simulator, formal languages, automata},
  url       = {https://www.jflap.org},
  urldate   = {2022-12-01},
  month     = dec
}

@misc{davey2010,
  author    = {Mike Davey},
  title     = {Physical Models of Turing Machines},
  year      = {2010},
  keywords  = {Turing machine, physical models, education},
  url       = {http://www.mikedavey.com},
  urldate   = {2022-12-01},
  month     = dec
}

@article{bernstein1993,
  author    = {E. Bernstein and U. Vazirani},
  title     = {Quantum Turing Machines},
  journal   = {SIAM Journal on Computing},
  volume    = {26},
  number    = {5},
  pages     = {1400--1411},
  year      = {1993},
  keywords  = {Quantum computing, Turing machines, quantum mechanics, computational complexity},
  url       = {https://link.springer.com/chapter/10.1007/3-540-57564-6_24},
  urldate   = {2022-12-01},
  month     = dec
}

@book{deutsch1985,
  author    = {David Deutsch},
  title     = {The Structure and Interpretation of Quantum Mechanics},
  year      = {1985},
  publisher = {Harvard University Press},
  address   = {Cambridge, MA},
  keywords  = {quantum mechanics, computation, quantum computing},
  url       = {https://www.hup.harvard.edu/catalog.php?isbn=9780674445829},
  urldate   = {2022-12-01},
  month     = dec
}

@book{kennethrosen,
  title={Discrete Mathematics and Its Applications},
  author={Kenneth H. Rosen},
  year={2012},
  edition={7},
  publisher={McGraw-Hill Education},
  address={New York, NY},
  isbn={9780073383095}
}

@book{automataHopcroft,
  title={Introduction to Automata Theory, Languages, and Computation},
  author={John E. Hopcroft and Rajeev Motwani and Jeffrey D. Ullman},
  year={2006},
  edition={3},
  publisher={Addison-Wesley},
  address={Boston, MA},
  isbn={9780321455369}
}

@misc{tlang,
  author       = {monoastro},
  title        = {tlang: A Turing Machine Simulator And Language},
  year         = {2024},
  howpublished = {\url{https://github.com/monoastro/tlang}},
  note         = {Accessed: 2024-12-28}
}
